<record><leader>00000cas a22000001a 4500</leader><controlfield tag="001">34181532</controlfield><controlfield tag="007">hd afu---bacu</controlfield><controlfield tag="008">960213d18971902iluwr naa     0   a0eng c</controlfield><datafield ind1=" " ind2=" " tag="010"><subfield code="a">  2014271522</subfield></datafield><datafield ind1=" " ind2=" " tag="040"><subfield code="a">IF9</subfield><subfield code="b">eng</subfield><subfield code="c">IF9</subfield><subfield code="d">OCLCQ</subfield><subfield code="d">OCLCO</subfield><subfield code="d">OCLCF</subfield><subfield code="d">NVF</subfield></datafield><datafield ind1=" " ind2=" " tag="037"><subfield code="b">Kane County Democrat Publishing Co., 59 Douglas Ave., Elgin, Ill.</subfield></datafield><datafield ind1=" " ind2=" " tag="043"><subfield code="a">n-us-il</subfield></datafield><datafield ind1="0" ind2=" " tag="130"><subfield code="a">Kane County Democrat (Elgin, Ill.)</subfield></datafield><datafield ind1="1" ind2="0" tag="245"><subfield code="a">Kane County Democrat</subfield><subfield code="h">[microform].</subfield></datafield><datafield ind1="3" ind2="0" tag="246"><subfield code="a">Democrat</subfield></datafield><datafield ind1=" " ind2=" " tag="260"><subfield code="a">Elgin, Ill. :</subfield><subfield code="b">Kane County Democrat Pub. Co.,</subfield><subfield code="c">1897-1902.</subfield></datafield><datafield ind1="2" ind2=" " tag="260"><subfield code="3">Jan. 3, 1902-Sept. 1902</subfield><subfield code="a">Elgin, Ill. :</subfield><subfield code="b">Dial Pub. Co.</subfield></datafield><datafield ind1="3" ind2=" " tag="260"><subfield code="3">Oct.-Nov. 13, 1902 Elgin, Ill. :</subfield><subfield code="b">Press Pub. Co.</subfield></datafield><datafield ind1=" " ind2=" " tag="300"><subfield code="a">1 v.</subfield></datafield><datafield ind1=" " ind2=" " tag="310"><subfield code="a">Weekly</subfield></datafield><datafield ind1="0" ind2=" " tag="362"><subfield code="a">Vol. 7, no. 27 (Mar. 18, 1897)-v. 7, no. 229 (Nov. 13, 1902).</subfield></datafield><datafield ind1=" " ind2=" " tag="500"><subfield code="a">"First issue." in vol. 7, no. 27.</subfield></datafield><datafield ind1=" " ind2=" " tag="533"><subfield code="a">Microfilm.</subfield><subfield code="m">Mar. 18, 1897-Nov. 13, 1902.</subfield><subfield code="b">Chicago, Ill. :</subfield><subfield code="c">University of Chicago Library Department of Photographic Reproduction.</subfield><subfield code="e">6 microfilm reels ; 35 mm.</subfield><subfield code="n">Reel for Mar. 18-Dec. 30, 1897 also includes: Elgin Democrat, Jan. 1-Mar. 5, 1897.</subfield><subfield code="n">Reel for Jan. 3-Nov. 13, 1902 also includes: Elgin weekly press, Nov. 20-Dec. 26, 1902.</subfield></datafield><datafield ind1=" " ind2=" " tag="580"><subfield code="a">Formed by the union of: Elgin weekly dial and: Elgin Democrat.</subfield></datafield><datafield ind1=" " ind2="0" tag="651"><subfield code="a">Kane County (Ill.)</subfield><subfield code="v">Newspapers.</subfield></datafield><datafield ind1=" " ind2="7" tag="651"><subfield code="a">Illinois</subfield><subfield code="z">Kane County.</subfield><subfield code="2">fast</subfield><subfield code="0">(OCoLC)fst01213235</subfield></datafield><datafield ind1=" " ind2="7" tag="655"><subfield code="a">Newspapers.</subfield><subfield code="2">fast</subfield><subfield code="0">(OCoLC)fst01423814</subfield></datafield><datafield ind1=" " ind2=" " tag="752"><subfield code="a">United States</subfield><subfield code="b">Illinois</subfield><subfield code="c">Kane</subfield><subfield code="d">Elgin.</subfield></datafield><datafield ind1="0" ind2="8" tag="776"><subfield code="i">Print version:</subfield><subfield code="t">Kane County Democrat (Elgin, Ill.)</subfield><subfield code="w">(DLC)sn2004060816</subfield><subfield code="w">(OCoLC)32938744</subfield></datafield><datafield ind1="1" ind2="4" tag="780"><subfield code="t">Elgin weekly dial</subfield><subfield code="w">(DLC)  2014271523</subfield><subfield code="w">(OCoLC)34181477</subfield></datafield><datafield ind1="1" ind2="4" tag="780"><subfield code="t">Elgin Democrat</subfield><subfield code="w">(DLC)sn2004060815</subfield><subfield code="w">(OCoLC)34181438</subfield></datafield><datafield ind1="0" ind2="0" tag="785"><subfield code="t">Elgin weekly press</subfield><subfield code="w">(DLC)  2014271524</subfield><subfield code="w">(OCoLC)34181335</subfield></datafield></record>